@Manual{CubeSat,
	title = {CubeSat Design Specification},
	author = {MEHRPARVAR, A.; PIGnATELLI, D.},
	organization = {Cal Poly},
	address = {Califórnia},
	edition = {13},
	year = {2014}}

@Manual{NASA,
	Organization = {NASA},
	address = {Washington, D.C},
	Title = {NASA's CubeSat Launch Initiative},
	Url = {http://www.nasa.gov/directorates/somd/home/CubeSats_initiative.html},
	Urlaccessdate = {06 dez. 2014},
	Year = {2014}}

@Manual{Corsi,
	title = {Especificação do produto CubeSat},
	author = {FERRÃO, R. C.},
	organization = {NSEE-IMT},
	address = {São Caetano do Sul},
	edition = {1},
	year = {2014}}

@Manual{UbatubaSat,
	Organization = {ETEC TANCREDO NEVES},
	address = {Ubatuba},
	Title = {Projeto UbatubaSat},
	Url = {http://www.tancredoubatuba.com.br/ubatubasat/index.php},
	Urlaccessdate = {24 out. 2014},
	Year = {2014}}
	
@Manual{AESP14,
	Organization = {ITA},
	address = {São José dos Campos},
	Title = {AESP14},
	Url = {http://www.aer.ita.br/~aesp14/},
	Urlaccessdate = {24 out. 2014},
	Year = {2014}}
	
@Manual{INPE,
	Organization = {INPE},
	address = {São José dos Campos},
	Title = {NanoSatC-BR2},
	Url = {http://www.inpe.br/crs/nanosat/NanoSatCBR2.php},
	Urlaccessdate = {24 out. 2014},
	Year = {2014}}
	
@Manual{IFF,
	Organization = {INSTITUTO FEDERAL DE EDUCAÇÃO, CIÊNCIA E TECNOLOGIA FLUMINENSE},
	address = {Campos dos Goytacazes},
	Title = {Programas e Projetos desenvolvidos pelo IFF},
	Url = {http://portal.iff.edu.br/projetos},
	Urlaccessdate = {24 out. 2014},
	Year = {2014}}
	
@Manual{ITASAT,
	Organization = {ITA},
	address = {São José dos Campos},
	Title = {Satélite ITASAT-1},
	Url = {http://www.ita.br/noticias/itasat1},
	Urlaccessdate = {09 out. 2014},
	Year = {2014}}

@Manual{LEO,
	Organization = {THE TECH},
	Title = {Low Earth Orbit},
	Url = {https://www.thetech.org/exhibits/online/satellite/4/4a/4a.1.html},
	Urlaccessdate = {23 de nov. de 2014},
	Year = {2014}}
	
@Manual{NASA2,
	Organization = {NASA},
	address = {Washington, D.C},
	Title = {Rocket Aerodynamics},
	Url = {http://microgravity.grc.nasa.gov/education/rocket/rktaero.html},
	Urlaccessdate = {23 de nov. de 2014},
	Year = {2014}}
	
@Manual{CAP,
	Organization = {CIVIL AIR PATROL},
	Title = {Satellites},
	Url = {http://www.cap-ny153.org/satellites.htm},
	Urlaccessdate = {05 de jun. de 2015},
	Year = {2015}}
	
@Manual{BraEsc,
	Author = {Jennifer Fogaça},
	Organization = {BRASIL ESCOLA},
	Title = {Pilhas e bateria de lítio},
	Url = {http://www.brasilescola.com/quimica/pilhas-baterias-litio.htm},
	Urlaccessdate = {08 de jun. de 2015},
	Year = {2015}}
		
@Manual{TecMundo,
	Author = {Lucas Karasinski},
	Title = {Como são produzidas as baterias de lítio},
	Organization = {TECMUNDO},
	Url = {http://www.tecmundo.com.br/bateria/42123-como-sao-produzidas-as-baterias-de-litio-.htm},
	Urlaccessdate = {08 de jun. de 2015},
	Year = {2015}}
		
@Manual{SpectroLab,
	Title = {Company profile},
	address = {Los Angeles},
	Organization = {SPECTROLAB},
	Url = {http://www.spectrolab.com/company.htm},
	Urlaccessdate = {17 de jun. de 2015},
	Year = {2015}}
		
@Manual{SpectroLab2,
	title = {High Efficiency Space Solar Cells},
	organization = {SpectroLab},
	address = {Califórnia},
	Year = {2009?}}

@Manual{Emcore,
	Author = {Mike English},
	Title = {Emcore completes sale to SolAero},
	Organization = {Biz Journals},
	address = {Albuquerque, NM},
	Url = {http://www.bizjournals.com/albuquerque/blog/morning-edition/2014/12/emcore-completes-sale-to-solaero.html},
	Urlaccessdate = {17 de jun. de 2015},
	Year = {2015}}
	
@Manual{Emcore2,
	Title = {About us},
	Organization = {SolAero Technologies},
	address = {Albuquerque, NM},
	Url = {http://solaerotech.com/about-us/},
	Urlaccessdate = {17 de jun. de 2015},
	Year = {2015}}
	
@Manual{Emcore3,
	title = {ZTJ Space Solar Cell - Datasheet},
	organization = {SolAero Technologies},
	address = {Albuquerque, NM},
	Year = {2015}}
	
@Manual{AzurSpace,
	Title = {We develop future from space to Earth},
	Organization = {AzurSpace Solar Power GMBH},
	address = {Heilbronn},
	Url = {http://www.azurspace.com/index.php/en/},
	Urlaccessdate = {17 de jun. de 2015},
	Year = {2015}}

@Manual{AzurSpace2,
	Title = {3G30C - Advanced},
	Organization = {AzurSpace Solar Power GMBH},
	address = {Heilbronn},
	Year = {2015}}
	
@Manual{TrisolX,
	Title = {TrisolX Solar Wings},
	Organization = {TrisolX},
	address = {Nova Iorque},
	Year = {2015}}
	